@Book{knuth:tex,
  author =	 {Donald E. Knuth},
  title = 	 {The {\TeX}book},
  publisher = 	 {Addison-Wesley},
  year = 	 1986
}

@Book{lamport:latex,
  author = 	 "Leslie Lamport",
  title = 	 "{\LaTeX}: a Document Preparation System",
  publisher = 	 "Addison-Wesley",
  year = 	 1994,
  edition =	 "second"
}

@ARTICLE{haskell,
  author = "P. Hudak and others",
  title = "{Haskell} Special Issue",
  journal = "ACM SIGPLAN Notices",
  volume = 27,
  number = 5,
  year = "1992",
  month = "May"
}

@TechReport{haskell14,
  author =	 "John Peterson and others",
  title =	 "Haskell 1.4: a Non-strict, Purely Functional
		  Language",
  institution =  "Yale University",
  type =         "Research Report",
  year =	 1997,
  month =        "April",
  URL =          "http://haskell.org/report/",
}
